/home/rsinnet/proj/references/allrefs.bib